@article{bib:paper_1,
	title={Aplicaciones de CHIP-8, una m{\'a}quina virtual de finales de los 70, en los estudios actuales de Ingenier{\i}a Inform{\'a}tica},
	author={Nicol{\'a}s Calvo Cruz and Juana L{\'o}pez Redondo and Jos{\'e} Domingo {\'A}lvarez and Pilar Martinez Ortigosa}
}
@article{bib:paper_2,
	title="Using the {G}ame {B}oy {A}dvance to teach {C}omputer {S}ystems and {A}rchitecture",
	author={Finlayson, Ian},
	journal={Journal of Computing Sciences in Colleges},
	volume={32},
	number={3},
	pages={78--84},
	year={2017},
	publisher={Consortium for Computing Sciences in Colleges}
}
@manual{bib:arm,
	title={ARM7TDMI Technical reference manual},
	organization={Advanced RISC Machines Ltd.},
	edition={r4p1},
	year={2004}
}
@misc{bib:gbatek,
	title={GBATEK: Gameboy Advance/Nintendo DS Technical Info},
	author={Korth, Martin},
	urldate = {2021-01-27},
	howpublished={\url{https://problemkaputt.de/gbatek.htm}},
	note="Último acceso: 2021-07-10",
	year={2007}
}
@misc{bib:cowbite,
	url={http://www.zap.pe.kr/projects/arm7tdmi/docs/gba_spec.htm},
	title={CowBite Virtual Harware Spec},
	howpublished={\url{https://www.cs.rit.edu/~tjh8300/CowBite/CowBiteSpec.htm}},
	note="Último acceso: 2021-07-10",
	author={Happ, Tom}
}
@misc{bib:belogic,
	url={http://belogic.com/gba/index.php},
	title={The Audio Advance - Gameboy Advance Sound Resources},
	howpublished={\url{http://belogic.com/gba/index.php}},
	note="Último acceso: 2021-07-10",
	publisher={BELOGIC}
}
@misc{bib:tonc,
	title={Tonc v1.4.2},
	url={https://www.coranac.com/tonc/text/},
	howpublished={\url{https://www.coranac.com/tonc/text/}},
	note="Último acceso: 2021-07-10",
	author={Vijn, J}
}
@misc{bib:rodrigo,
	title="{G}ame {B}oy {A}dvance Architecture: A Practical Analysis",
	url={https://www.copetti.org/writings/consoles/game-boy-advance/},
	journal={Rodrigo's Stuff},
	author={Copetti, Rodrigo},
	howpublished={\url{https://www.copetti.org/writings/consoles/game-boy-advance/}},
	note="Último acceso: 2021-07-10",
	year={2021},
	month={May}
}
@misc{bib:ing_vid,
	title={Ingeniería de Videojuegos},
	journal={Universidad Juan Carlos I},
	year={2021},
	author={Cuesta, A}
}
@phdthesis{bib:paper3,
	title={Homebrew and the social construction of gaming: community, creativity, and legal context of amateur {G}ame {B}oy {A}dvance development},
	author={Camper, Brett Bennett},
	year={2005},
	school={Massachusetts Institute of Technology}
}
@misc{bib:sharp,
	title={Gameboy: Everything under the hood.},
	url={https://dev.to/abhinavmir/gameboy-everything-under-the-hood-1p0b},
	journal={DEV Community},
	publisher={DEV Community},
	author={Srivastava, Abhinav},
	year={2020},
	month={Oct}
}
@manual{bib:8080,
	title={intel 8080A/8080A-1,8080A-2},
	organization={Intel Corporation},
	url={http://kazojc.com/elementy_czynne/IC/INTEL-8080A.pdf},
	howpublished={\url{http://kazojc.com/elementy_czynne/IC/INTEL-8080A.pdf}},
	note="Último acceso: 2021-07-10",
	year={1986}
}
@misc{bib:gb_og,
	title={DuoDreamer's Dreamscape},
	url={http://gameboy.mongenel.com/dmg/asmmemmap.html},
	journal={Gameboy Dev},
	howpublished={\url{http://gameboy.mongenel.com/dmg/asmmemmap.html}},
	note="Último acceso: 2021-07-10",
	author={Mongenel, Randy}
}
@misc{bib:gb_og_2,
	title={Everything You Always Wanted To Know About GAMEBOY},
	url={https://bgb.bircd.org/pandocs.htm},
	howpublished={\url{https://bgb.bircd.org/pandocs.htm}},
	note="Último acceso: 2021-07-10",
	author={Fayzullin, Marat and Felber, Pascal and Robson, Paul and Korth, Martin and nocash and kOOPa}
}
@misc{bib:gb_palette,
	title={Learn Multiplatform Z80 Assembly Programming... With Vampires!... Platform Specific Lessons},
	url={https://www.chibiakumas.com/z80/platform2.php},
	howpublished={\url{https://www.chibiakumas.com/z80/platform2.php}},
	note="Último acceso: 2021-07-10",
	journal={Learn Multiplatform Assembly Programming with ChibiAkumas!},
	author={'Akuyou', Keith}
}
@article{bib:paper_4,
	title={Plataforma de desarrollo basada en {G}ame {B}oy {A}dvance},
	author={Esquivel, Jhon and Moreno, Norbey Mar{\'\i}n and Santa, Fernando Mart{\'\i}nez},
	journal={Tekhn{\^e}},
	volume={9},
	pages={5--12},
	year={2012}
}
@inproceedings{bib:paper_5,
	title={Introducing computer programming via {G}ame {B}oy {A}dvance homebrew},
	author={Kacmarcik, Gary and Kacmarcik, Sylvie Giral},
	booktitle={Proceedings of the 40th ACM technical symposium on Computer science education},
	pages={281--285},
	year={2009}
}
@inproceedings{bib:paper6,
	title={How are agile methods and practices deployed in video game development? A survey into Finnish game studios},
	author={Koutonen, Jussi and Lepp{\"a}nen, Mauri},
	booktitle={International Conference on Agile Software Development},
	pages={135--149},
	year={2013},
	organization={Springer}
}
@misc{bib:agile_course,
	title={CMS.611J Creating Video Games},
	journal={MIT OpenCourseWare},
	year={2014},
	author={Philip Tan and Richard Eberhardt and Sara Verrilli and Andrew Grant}
}
@misc{bib:aff_matrix,
	title="{CS384G} {C}omputer {G}raphics",
	journal={The University of Texas},
	year={2011},
	author={Don Fussell}
}
@misc{bib:algebra,
	title="Álgebra Lineal y {M}atemáticas Discreta",
	journal={Universidad de Almería},
	year={2021},
	author={Juan Antonio López Ramos and Juan Cuadra Díaz}
}
@misc{bib:diu,
	title={Desarrollo de Interfaces de Usuario},
	journal={Universidad de Almería},
	year={2020},
	author={Nicolás Padilla Soriano and Javier Criado Rodríguez}
}
@misc{bib:washington,
	title="{CPSC} 305 {C}omputer {S}ystems and {A}rchitecture",
	journal={University of Mary Washington},
	year={2021},
	author={Ian Finlayson}
}
@manual{bib:gba_manual,
	title={AGB Programming Manual},
	organization={Nintendo\textsuperscript{\textregistered}},
	edition={1.1},
	year={2001}
}
@misc{bib:armv4_isa,
	title={CE 1921 Computer Architecture},
	journal={Milwaukee School of Engineering},
	year={2020},
	author={Russ Meier}
}
@article{doi:10.1177/0020294019857748,
	author = {Petr Foltýnek and Marek Babiuch and Pavel Šuránek},
	title ={Measurement and data processing from Internet of Things modules by dual-core application using ESP32 board},
	journal = {Measurement and Control},
	volume = {52},
	number = {7-8},
	pages = {970-984},
	year = {2019},
	doi = {10.1177/0020294019857748},

	URL = { 
https://doi.org/10.1177/0020294019857748

	},
	eprint = { 
https://doi.org/10.1177/0020294019857748

	}
	,
		abstract = { The contribution describes the application of an Internet of Things device with an ESP32 microcontroller with the dual-core implementation of data processing and wireless communication. The first leading idea of using low-end hardware and software optimization to create software architecture in order to make the most of this hardware and reduce the cost of more expensive hardware solutions was tested. Our goal in architectural design was achieved. We created the basis of a general framework and defined its use scenarios, and then implemented these scenarios using components. This article describes the progressive development of our embedded vibration measurement testing system, on which we tested the individual software components for our framework. We created an application for our components using ESP32 processor cores, which divided the responsibility of these cores for the components of our framework. }
}
@book{bib:arm_book,
	author = {Patterson, David A. and Hennessy, John L.},
	title = {Computer Organization and Design: The Hardware Software Interface ARM Edition},
	year = {2016},
	isbn = {0128017333},
	publisher = {Morgan Kaufmann Publishers Inc.},
	address = {San Francisco, CA, USA},
	edition = {1st},
	abstract = {The new ARM Edition of Computer Organization and Design features a subset of the ARMv8-A architecture, which is used to present the fundamentals of hardware technologies, assembly language, computer arithmetic, pipelining, memory hierarchies, and I/O. With the post-PC era now upon us, Computer Organization and Design moves forward to explore this generational change with examples, exercises, and material highlighting the emergence of mobile computing and the Cloud. Updated content featuring tablet computers, Cloud infrastructure, and the ARM (mobile computing devices) and x86 (cloud computing) architectures is included. An online companion Web site provides links to a free version of the DS-5 Community Edition (a free professional quality tool chain developed by ARM), as well as additional advanced content for further study, appendices, glossary, references, and recommended reading. Covers parallelism in depth with examples and content highlighting parallel hardware and software topicsFeatures the Intel Core i7, ARM Cortex-A53, and NVIDIA Fermi GPU as real-world examples throughout the bookAdds a new concrete example, "Going Faster," to demonstrate how understanding hardware can inspire software optimizations that improve performance by 200XDiscusses and highlights the "Eight Great Ideas" of computer architecture: Performance via Parallelism; Performance via Pipelining; Performance via Prediction; Design for Moore's Law; Hierarchy of Memories; Abstraction to Simplify Design; Make the Common Case Fast; and Dependability via Redundancy. Includes a full set of updated exercises}
}
@misc{bib:repositorio,
	title={Repositorio del código desarrollado},
	year={2021},
	author={Samuel Martín Vargas Giagnocavo},
	url={https://github.com/smvg/YAP},
	howpublished={\url{https://github.com/smvg/YAP}},
	note="Último acceso: 2021-07-10"
}
@book{bib:comp_arch_quant,
  title = {Computer Architecture: A Quantitative Approach},
  shorttitle = {Computer Architecture},
  author = {Hennessy, John L. and Patterson, David A. and Asanović, Krste},
  date = {2012},
  edition = {5th ed},
  publisher = {{Morgan Kaufmann/Elsevier}},
  location = {{Waltham, MA}},
  annotation = {OCLC: ocn755102367},
  isbn = {978-0-12-383872-8},
  keywords = {Computer architecture},
  pagetotal = {493}
}

@online{bib:arm_cores_tech,
  title = {Microprocessor {{Cores}} and {{Technology}} – {{Arm}}},
  author = {Ltd, Arm},
  url = {https://www.arm.com/products/silicon-ip-cpu},
  urldate = {2021-01-27},
  abstract = {Arm is the industry's leading supplier of microprocessor technology, offering the widest range of microprocessor cores to address the performance, power and cost requirements for almost all application markets. Discover the right architecture for your project here with our entire line of cores explained.},
  langid = {english},
  organization = {{Arm | The Architecture for the Digital World}}
}
@book{bib:dma_book,
  title={Linux device drivers},
  author={Rubini, Alessandro and Corbet, Jonathan},
  year={2005},
  publisher={"O\textquotesingle Reilly Media, Inc."},
  pages={"440-458"},
  chapter={15}
}
